<Document xmlns:xsi="http://www.w3.org/2001/XMLSchema-instance"
    xmlns="urn:iso:std:iso:20022:tech:xsd:pain.001.001.09">
    <CstmrCdtTrfInitn>
        <GrpHdr>
            <MsgId>12b17c5a-97ab-2905-4c18-8d4b6a9f8c2</MsgId>
            <CreDtTm>2023-11-14T14:22:40</CreDtTm>
            <NbOfTxs>2</NbOfTxs>
            <CtrlSum>51000.99</CtrlSum>
            <InitgPty>
                <Nm>COMPANY NAME 1</Nm>
                <Id>
                    <OrgId>
                        <Othr>
                            <Id>xxx</Id>
                        </Othr>
                    </OrgId>
                </Id>
            </InitgPty>
        </GrpHdr>
        <PmtInf>
            <PmtInfId>PmtInfId</PmtInfId>
            <PmtMtd>TRF</PmtMtd>
            <BtchBookg>1</BtchBookg>
            <PmtTpInf>
                <SvcLvl>
                    <Cd>SEPA</Cd>
                </SvcLvl>
            </PmtTpInf>
            <ReqdExctnDt>
                <Dt>2023-11-14</Dt>
            </ReqdExctnDt>
            <Dbtr> </Dbtr>
            <DbtrAcct>
                <Id>
                    <IBAN>CY00002000000000000000000000</IBAN>
                </Id>
                <Ccy>EUR</Ccy>
            </DbtrAcct>
            <DbtrAgt>
                <FinInstnId>
                    <BICFI>BCYPCY2N</BICFI>
                </FinInstnId>
            </DbtrAgt>
            <ChrgBr>SLEV</ChrgBr>
            <CdtTrfTxInf>
                <PmtId>
                    <InstrId>DK cheque1</InstrId>
                    <EndToEndId>1 beneficiary</EndToEndId>
                </PmtId>
                <PmtTpInf>
                    <SvcLvl>
                        <Cd>SEPA</Cd>
                    </SvcLvl>
                    <CtgyPurp>
                        <Cd>SALA</Cd>
                    </CtgyPurp>
                </PmtTpInf>
                <Amt>
                    <InstdAmt Ccy="EUR">50000.00</InstdAmt>
                </Amt>
                <ChrgBr>SLEV</ChrgBr>
                <Cdtr>
                    <Nm>Beneficiary Name and Surname</Nm>
                    <PstlAdr>
                        <Ctry>CY</Ctry>
                        <AdrLine>address line1</AdrLine>
                        <AdrLine>address line2</AdrLine>
                    </PstlAdr>
                </Cdtr>
                <CdtrAcct>
                    <Id>
                        <IBAN>CY00000000000000000000000000</IBAN>
                    </Id>
                </CdtrAcct>
                <RmtInf>
                    <Strd>
                        <AddtlRmtInf>Payment details 1</AddtlRmtInf>
                    </Strd>
                </RmtInf>
            </CdtTrfTxInf>
            <CdtTrfTxInf>
                <PmtId>
                    <EndToEndId>new beneficiary</EndToEndId>
                </PmtId>
                <PmtTpInf>
                    <SvcLvl>
                        <Cd>SEPA</Cd>
                    </SvcLvl>
                    <CtgyPurp>
                        <Cd>SALA</Cd>
                    </CtgyPurp>
                </PmtTpInf>
                <Amt>
                    <InstdAmt Ccy="EUR">1000.99</InstdAmt>
                </Amt>
                <ChrgBr>SLEV</ChrgBr>
                <CdtrAgt>
                    <FinInstnId>
                        <BICFI>ABKLCY2NXXX</BICFI>
                    </FinInstnId>
                </CdtrAgt>
                <Cdtr>
                    <Nm>1234567890123</Nm>
                    <PstlAdr>
                        <Ctry>GB</Ctry>
                        <AdrLine>address line1</AdrLine>
                    </PstlAdr>
                </Cdtr>
                <CdtrAcct>
                    <Id>
                        <IBAN>CY00000000000000000000000001</IBAN>
                    </Id>
                </CdtrAcct>
                <RmtInf>
                    <Strd>
                        <AddtlRmtInf>Payment details 2</AddtlRmtInf>
                    </Strd>
                </RmtInf>
            </CdtTrfTxInf>
        </PmtInf>
    </CstmrCdtTrfInitn>
</Document>