<?xml version="1.0" encoding="UTF-8"?>
<Document xmlns="urn:iso:std:iso:20022:tech:xsd:pain.001.001.09" xmlns:xsi="http://www.w3.org/2001/XMLSchema-instance">
  <CstmrCdtTrfInitn>
    <GrpHdr>
      <MsgId>default-message-id</MsgId>
      <CreDtTm>2024-12-27T13:31:07.737Z</CreDtTm>
      <NbOfTxs>2</NbOfTxs>
      <CtrlSum>1.78</CtrlSum>
      <InitgPty>
        <Nm>Eletoyia Deep Tech Chain LTD</Nm>
        <Id>
          <OrgId>
            <Othr>
              <Id>66T</Id>
            </Othr>
          </OrgId>
        </Id>
      </InitgPty>
    </GrpHdr>
    <PmtInf>
      <PmtInfId>PmtInfId</PmtInfId>
      <PmtMtd>TRF</PmtMtd>
      <BtchBookg>1</BtchBookg>
      <NbOfTxs>2</NbOfTxs>
      <CtrlSum>1.78</CtrlSum>
      <PmtTpInf>
        <SvcLvl>
          <Cd>SEPA</Cd>
        </SvcLvl>
      </PmtTpInf>
      <ReqdExctnDt>
        <Dt>2024-12-08</Dt>
      </ReqdExctnDt>
      <Dbtr>
        <Nm>Eletoyia</Nm>
      </Dbtr>
      <DbtrAcct>
        <Id>
          <IBAN>CY97002001950000357031584499</IBAN>
        </Id>
        <Ccy>EUR</Ccy>
      </DbtrAcct>
      <DbtrAgt>
        <FinInstnId>
          <BICFI>BCYPCY2N</BICFI>
        </FinInstnId>
      </DbtrAgt>
      <ChrgBr>SLEV</ChrgBr>
      <CdtTrfTxInf>
        <PmtId>
          <InstrId>InstrID_1</InstrId>
          <EndToEndId>E2E_1</EndToEndId>
        </PmtId>
        <PmtTpInf>
          <SvcLvl>
            <Cd>SEPA</Cd>
          </SvcLvl>
          <CtgyPurp>
            <Cd>SALA</Cd>
          </CtgyPurp>
        </PmtTpInf>
        <Amt>
          <InstdAmt Ccy="EUR">0.89</InstdAmt>
        </Amt>
        <ChrgBr>SLEV</ChrgBr>
        <Cdtr>
          <Nm>Hadjinicolaou Nicolas</Nm>
          <PstlAdr>
            <Ctry>CY</Ctry>
            <AdrLine>Agkastinas 24, Latsia, Nicosia, 2231</AdrLine>
          </PstlAdr>
        </Cdtr>
        <CdtrAcct>
          <Id>
            <IBAN>CY88002001950000357025473758</IBAN>
          </Id>
        </CdtrAcct>
        <RmtInf>
          <Strd>
            <AddtlRmtInf>No details provided</AddtlRmtInf>
          </Strd>
        </RmtInf>
      </CdtTrfTxInf>
      <CdtTrfTxInf>
        <PmtId>
          <InstrId>InstrID_2</InstrId>
          <EndToEndId>E2E_2</EndToEndId>
        </PmtId>
        <PmtTpInf>
          <SvcLvl>
            <Cd>SEPA</Cd>
          </SvcLvl>
          <CtgyPurp>
            <Cd>SALA</Cd>
          </CtgyPurp>
        </PmtTpInf>
        <Amt>
          <InstdAmt Ccy="EUR">0.89</InstdAmt>
        </Amt>
        <ChrgBr>SLEV</ChrgBr>
        <Cdtr>
          <Nm>Christakis Christodoulou</Nm>
          <PstlAdr>
            <Ctry>CY</Ctry>
            <AdrLine>Agkastinas 24, Latsia, Nicosia, 2231</AdrLine>
          </PstlAdr>
        </Cdtr>
        <CdtrAcct>
          <Id>
            <IBAN>CY30002001150000001102473200</IBAN>
          </Id>
        </CdtrAcct>
        <RmtInf>
          <Strd>
            <AddtlRmtInf>No details provided</AddtlRmtInf>
          </Strd>
        </RmtInf>
      </CdtTrfTxInf>
    </PmtInf>
  </CstmrCdtTrfInitn>
</Document>